@article{pfahringer2004weka,
  title={The Weka solution to the 2004 KDD Cup},
  author={Pfahringer, Bernhard},
  journal={ACM SIGKDD Explorations Newsletter},
  volume={6},
  number={2},
  pages={117--119},
  year={2004},
  publisher={ACM}
}

@article{caruana2004kdd,
  title={KDD-Cup 2004: results and analysis},
  author={Caruana, Rich and Joachims, Thorsten and Backstrom, Lars},
  journal={ACM SIGKDD Explorations Newsletter},
  volume={6},
  number={2},
  pages={95--108},
  year={2004},
  publisher={ACM}
}

@inproceedings{caruana2004ensemble,
  title={Ensemble selection from libraries of models},
  author={Caruana, Rich and Niculescu-Mizil, Alexandru and Crew, Geoff and Ksikes, Alex},
  booktitle={Proceedings of the twenty-first international conference on Machine learning},
  pages={18},
  year={2004},
  organization={ACM}
}

@article{pedregosa2011scikit,
  title={Scikit-learn: Machine learning in Python},
  author={Pedregosa, Fabian and Varoquaux, Ga{\"e}l and Gramfort, Alexandre and Michel, Vincent and Thirion, Bertrand and Grisel, Olivier and Blondel, Mathieu and Prettenhofer, Peter and Weiss, Ron and Dubourg, Vincent and others},
  journal={The Journal of Machine Learning Research},
  volume={12},
  pages={2825--2830},
  year={2011},
  publisher={JMLR. org}
}

@article{vogel2004anti,
  title={Anti-matter detection: particle physics model for KDD Cup 2004},
  author={Vogel, David S and Gottschalk, Eric and Wang, Morgan C},
  journal={ACM SIGKDD Explorations Newsletter},
  volume={6},
  number={2},
  pages={109--112},
  year={2004},
  publisher={ACM}
}

@article{schaul2010,
author = {Schaul, Tom and Bayer, Justin and Wierstra, Daan and Sun, Yi and Felder, Martin and Sehnke, Frank and R\"{u}ckstie\ss, Thomas and Schmidhuber, J\"{u}rgen},
journal = {Journal of Machine Learning Research},
keywords = {machine learning,neural networks,optimization,python,reinforcement learning},
title = {{PyBrain}},
year = {2010}
}
